<collection xmlns="http://www.loc.gov/MARC21/slim">
<record>
  <leader>01422nam0a2200313 i 450 </leader>
  <controlfield tag="001">IT\ICCU\CNCE\011547</controlfield>
  <controlfield tag="005">20070517000000.0</controlfield>
  <datafield tag="012" ind1=" " ind2=" ">
    <subfield code="a">i.s. 3029 2.l- drIu (3) 1535 (A)</subfield>
    <subfield code="2">fei</subfield>
  </datafield>
  <datafield tag="100" ind1=" " ind2=" ">
    <subfield code="a">19970101d1535        0itac0103    ba</subfield>
  </datafield>
  <datafield tag="101" ind1=" " ind2=" ">
    <subfield code="a">LAT</subfield>
  </datafield>
  <datafield tag="102" ind1=" " ind2=" ">
    <subfield code="a">IT</subfield>
  </datafield>
  <datafield tag="200" ind1="1" ind2=" ">
    <subfield code="a">Missale Romanum ordinarium</subfield>
  </datafield>
  <datafield tag="210" ind1=" " ind2=" ">
    <subfield code="e">Venetiis</subfield>
    <subfield code="g">impressum in officina Lucaeantonij Iuntae Florentini</subfield>
    <subfield code="h">1535 mense Iunij</subfield>
  </datafield>
  <datafield tag="215" ind1=" " ind2=" ">
    <subfield code="a">\10!, 315, \1! c.</subfield>
    <subfield code="c">ill.</subfield>
    <subfield code="d">fol</subfield>
  </datafield>
  <datafield tag="500" ind1="1" ind2="0">
    <subfield code="3">IT\ICCU\CNCE\037213</subfield>
    <subfield code="a">Missale</subfield>
  </datafield>
  <datafield tag="620" ind1=" " ind2=" ">
    <subfield code="a">IT</subfield>
    <subfield code="d">Venezia</subfield>
  </datafield>
  <datafield tag="710" ind1="0" ind2="2">
    <subfield code="a">Chiesa cattolica</subfield>
    <subfield code="3">6731</subfield>
  </datafield>
  <datafield tag="712" ind1="0" ind2="0">
    <subfield code="a">Giunta, Lucantonio</subfield>
    <subfield code="c"> &lt;1.&gt;</subfield>
    <subfield code="3">IT\ICCU\CNCT\002111</subfield>
    <subfield code="4">650</subfield>
  </datafield>
  <datafield tag="791" ind1="0" ind2="0">
    <subfield code="a">Zontis, Lucas Antonius de</subfield>
    <subfield code="3">IT\ICCU\CNCT\003892</subfield>
    <subfield code="z">Giunta, Lucantonio &lt;1.&gt;</subfield>
  </datafield>
  <datafield tag="791" ind1="0" ind2="0">
    <subfield code="a">Giunti, Lucantonio</subfield>
    <subfield code="c"> &lt;1&gt;</subfield>
    <subfield code="3">IT\ICCU\CNCT\004926</subfield>
    <subfield code="z">Giunta, Lucantonio &lt;1.&gt;</subfield>
  </datafield>
  <datafield tag="791" ind1="0" ind2="0">
    <subfield code="a">Gionta, Lucantonio de</subfield>
    <subfield code="3">IT\ICCU\CNCT\004928</subfield>
    <subfield code="z">Giunta, Lucantonio &lt;1.&gt;</subfield>
  </datafield>
  <datafield tag="791" ind1="0" ind2="0">
    <subfield code="a">Giuntis, Lucas Antonius de</subfield>
    <subfield code="3">IT\ICCU\CNCT\004929</subfield>
    <subfield code="z">Giunta, Lucantonio &lt;1.&gt;</subfield>
  </datafield>
  <datafield tag="791" ind1="0" ind2="0">
    <subfield code="a">Zonta, Lucantonio</subfield>
    <subfield code="3">IT\ICCU\CNCT\004930</subfield>
    <subfield code="z">Giunta, Lucantonio &lt;1.&gt;</subfield>
  </datafield>
  <datafield tag="801" ind1=" " ind2="3">
    <subfield code="a">IT</subfield>
    <subfield code="b">ICCU</subfield>
    <subfield code="c">20201113</subfield>
  </datafield>
  <datafield tag="899" ind1=" " ind2=" ">
    <subfield code="a">Biblioteca comunale dell&apos;Archiginnasio. Bologna</subfield>
    <subfield code="1">BO0304</subfield>
    <subfield code="2">UBO GA</subfield>
  </datafield>
  <datafield tag="899" ind1=" " ind2=" ">
    <subfield code="a">Biblioteca dell&apos;Apostolato liturgico. Genova</subfield>
    <subfield code="1">GE0380</subfield>
    <subfield code="2">ZGE 23</subfield>
  </datafield>
  <datafield tag="899" ind1=" " ind2=" ">
    <subfield code="a">Biblioteca universitaria. Padova</subfield>
    <subfield code="1">PD0158</subfield>
    <subfield code="2">PUV 00</subfield>
  </datafield>
  <datafield tag="899" ind1=" " ind2=" ">
    <subfield code="a">Biblioteca comunale. Trento</subfield>
    <subfield code="z">MUTILO</subfield>
    <subfield code="1">TN0121</subfield>
    <subfield code="2">ZTN 01</subfield>
  </datafield>
  <datafield tag="899" ind1=" " ind2=" ">
    <subfield code="a">Biblioteca nazionale Marciana. Venezia</subfield>
    <subfield code="1">VE0049</subfield>
    <subfield code="2">VEA BM</subfield>
  </datafield>
</record>
</collection>
